@article{mirjalili2018gender,
  title={Gender Privacy: An Ensemble of Semi Adversarial Networks for Confounding Arbitrary Gender Classifiers},
  author={Mirjalili, Vahid and Raschka, Sebastian and Ross, Arun},
  journal={arXiv preprint arXiv:1807.11936},
  year={2018}
}
@ARTICLE{1991SciAm.265c..54S,
       author = {{Stix}, Gary},
        title = "{Encoding the ``Neatness'' of Ones and Zeroes}",
      journal = {Scientific American},
         year = 1991,
        month = sep,
       volume = {265},
       number = {3},
        pages = {54-58},
          doi = {10.1038/scientificamerican0991-54},
       adsurl = {https://ui.adsabs.harvard.edu/abs/1991SciAm.265c..54S},
      adsnote = {Provided by the SAO/NASA Astrophysics Data System}
}
@misc{huffman_encoding_2014, title="{Huffman coding}", 
url={http://homes.sice.indiana.edu/yye/lab/teaching/spring2014-C343/huffman.php}, 
journal={Indiana University spring2014-c343},
 publisher={Indiana University}, 
 year={2014}}

